@BOOK{FreemanFreemanSierraBates200512,
	title={Entwurfsmuster von Kopf bis Fuß},
	author={Eric Freeman and Elisabeth Freeman and Kathy Sierra and Bert Bates},
	publisher={O'Reilly},
	year={2005},
	month={12},
	edition={1},
	isbn={9783897214217},
	url={http://amazon.de/o/ASIN/3897214210/},
	price={EUR 48,00},
	totalpages={672},
	timestamp={2009.06.29},
}


@BOOK{GammaHelmJohnsonVlissides200902,
	title={Entwurfsmuster: Elemente wiederverwendbarer objektorientierter Software},
	author={Erich Gamma and Richard Helm and Ralph Johnson and John Vlissides},
	publisher={Addison-Wesley, München},
	year={2009},
	month={2},
	edition={1},
	isbn={9783827328243},
	url={http://amazon.de/o/ASIN/3827328241/},
	price={EUR 44,00},
	totalpages={479},
	timestamp={2009.06.29},
}


@BOOK{Buschmann199801,
	title={Pattern-orientierte Software-Architektur . Ein Pattern-System},
	author={Frank Buschmann},
	publisher={Addison-Wesley},
	year={1998},
	month={1},
	edition={2. Aufl.},
	isbn={9783827312822},
	url={http://amazon.de/o/ASIN/3827312825/},
	price={EUR 49,95},
	totalpages={480},
	timestamp={2009.06.29},
}

